@book{Dhaeseleer1991book,
  title={Flux coordinates and magnetic field structure: a guide to a fundamental tool of plasma structure},
  author={D'haeseleer, W.D.},
  isbn={9783540524199},
  lccn={90010333},
  series={Springer series in computational physics},
  url={https://books.google.dk/books?id=B8DvAAAAMAAJ},
  year={1991},
  publisher={Springer-Verlag}
}
@book{Goldston1995,
  title={Introduction to Plasma Physics},
  author={Goldston, R.J. and Rutherford, P.H.},
  isbn={9781439822074},
  lccn={95037117},
  url={https://books.google.sk/books?id=7kM7yEFUGnAC},
  year={1995},
  publisher={CRC Press}
}
@book{Helander2002book,
  title={Collisional Transport in Magnetized Plasmas},
  author={Helander, P. and Sigmar, D.J.},
  isbn={9780521807982},
  lccn={2001035677},
  series={Cambridge Monographs on Plasma Physics},
  url={https://books.google.dk/books?id=x85tQgAACAAJ},
  year={2002},
  publisher={Cambridge University Press}
}
@book{Klimontovich1983book,
  title={The kinetic theory of electromagnetic processes},
  author={Klimontovich, I.U.L.},
  isbn={9783540114581},
  lccn={82010586},
  series={Springer series in synergetics},
  url={https://books.google.dk/books?id=b6LvAAAAMAAJ},
  year={1983},
  publisher={Springer-Verlag}
}
@book{Stangeby2000book,
  title={The Plasma Boundary of Magnetic Fusion Devices},
  author={Stangeby, P.C.},
  isbn={9780750305594},
  lccn={00037018},
  series={Series in Plasma Physics and Fluid Dynamics},
  url={https://books.google.dk/books?id=qOliQgAACAAJ},
  year={2000},
  publisher={Taylor \& Francis}
}
@book{Baumjohann1997book,
  title={Basic Space Plasma Physics},
  author={Baumjohann, W. and Treumann, R.A.},
  isbn={9781860940798},
  lccn={97102954},
  url={https://books.google.dk/books?id=e4yupcOzJxkC},
  year={1997},
  publisher={Imperial College Press}
}
@book{Oberkampf2010book,
  title={Verification and Validation in Scientific Computing},
  author={Oberkampf, W.L. and Roy, C.J.},
  isbn={9781139491761},
  url={https://books.google.dk/books?id=7d26zLEJ1FUC},
  year={2010},
  publisher={Cambridge University Press}
}
@book{Leveque2007book,
  title={Finite Difference Methods for Ordinary and Partial Differential Equations: Steady-State and Time-Dependent Problems},
  author={LeVeque, R.J.},
  isbn={9780898716290},
  lccn={2007061732},
  url={https://books.google.dk/books?id=qsvmsXe8Ug4C},
  year={2007},
  publisher={Society for Industrial and Applied Mathematics}
}
@phdthesis{Wiesenberger2014Phd,
  author={Wiesenberger, M.},
  title={Gyrofluid computations of filament dynamics in tokamak scrape-off layers},
  school={Leopold-Franzens-Universit{\"a}t Innsbruck},
  address={Innsbruck},
  year=	{2014},
}
@phdthesis{Schroder2003,
  author={Schr{\"{o}}der, C.},
  title={Experimental investigations on drift waves in linear magnetized plasmas},
  school={Ernst-Moritz-Arndt-Universit{\"a}t Greifswald},
  address={Greifswald},
  year=	{2002},
}
@misc{Dudson2015Private,
  author={Dudson, B.},
  year=	{2015},
  howpublished={Private communication},
}
